1924 3398
418 615 904 671 MONITUM
973 618 1443 673 LECTORI.

259 950 592 997 CATENAM
628 952 678 996 in
714 951 776 996 D.
802 951 939 997 Pauli
976 951 1069 1012 Ep.
1105 953 1165 997 ad
1201 952 1441 999 Romanos
1476 955 1601 1000 edidi
1640 971 1666 1000 e

189 1027 307 1073 Cod.
333 1027 594 1074 Bodleiano
631 1028 687 1073 E.
712 1028 779 1073 II.
801 1032 880 1074 20.
913 1029 993 1089 qui
1029 1029 1304 1075 chartaceus
1340 1036 1426 1082 est,
1447 1031 1581 1075 form.
1617 1033 1664 1076 in

189 1107 254 1149 4⁰.
281 1120 308 1150 e
330 1104 441 1151 MS.
466 1106 730 1165 antiquiore
755 1105 1005 1160 Gaditano,
1024 1112 1079 1151 ut
1108 1107 1310 1162 videtur,
1333 1123 1362 1152 a
1385 1107 1417 1153 J
1420 1124 1461 1153 o.
1480 1108 1667 1169 Lluydo

187 1182 285 1228 An.
314 1182 457 1228 1601.
483 1184 760 1243 descriptus.
832 1183 978 1229 Hunc
1011 1183 1138 1237 olim,
1164 1191 1218 1229 ut
1249 1185 1426 1244 opinor,
1454 1185 1666 1231 Lascaris

189 1260 399 1320 quidam,
424 1261 523 1306 sive
541 1260 896 1313 Constantinus,
917 1261 1017 1306 sive
1041 1261 1161 1307 alius
1184 1262 1285 1321 ejus
1308 1263 1477 1322 stirpis,
1503 1278 1665 1309 secum

187 1337 237 1382 in
273 1337 463 1384 Italiam
492 1324 519 1383 e
543 1337 733 1384 Graecia
766 1338 1044 1385 adduxerat.
1105 1339 1253 1399 Cujus
1286 1340 1413 1393 facti,
1438 1340 1528 1385 hoc
1554 1339 1667 1401 Epi-

187 1429 400 1475 gramma
421 1415 471 1460 in
494 1414 665 1461 ultima
688 1415 796 1461 libri
819 1416 991 1477 pagina
1014 1422 1278 1471 exaratum,
1303 1417 1445 1462 fidem
1471 1418 1598 1462 facit.

303 1523 507 1576 Λάσκαρις
527 1524 737 1575 ἀλλοδαπῇ
757 1524 851 1580 γαίῃ
875 1524 935 1565 ἐνὶ
956 1523 1133 1572 κάτθετο,
1157 1526 1276 1578 γαίην

359 1592 443 1632 οὔτι
462 1591 556 1643 λίην
576 1593 723 1643 ξείνην,
745 1589 775 1632 ὦ
795 1590 899 1642 ξένε,
920 1594 1187 1646 μεμφόμενος.

247 1675 252 1677 ’
303 1660 441 1712 εὕρατο
461 1661 678 1714 μειλιχίην·
710 1658 800 1701 ἀλλ’
823 1660 1003 1714 ἄχθεται,
1025 1663 1134 1715 εἴπερ
1153 1662 1334 1716 Ἀχαίοις

358 1727 495 1781 μηδέτι
514 1732 615 1783 χοῦν
634 1729 745 1783 χεύει
765 1728 904 1782 πατρὶς
925 1729 1165 1783 ἐλευθέριον.

737 1891 907 1983 Q

733 1988 747 2022 (

297 2370 428 2416 Ξεῖνε,
451 2368 629 2418 mimus,
652 2370 715 2411 ὑπ’
740 2371 827 2423 ἐμοὶ
845 2369 1021 2413 Ῥάλλου
1040 2372 1189 2425 πατρὸς
1207 2373 1231 2424 ἡ
1252 2376 1515 2427 προφυγοῦσα

351 2438 600 2490 δουλοσύνην
620 2439 783 2492 πάτρας,
800 2439 926 2491 ἦλθεν
946 2441 988 2483 ἐς
1005 2438 1195 2492 Ἰταλίην·

292 2504 422 2561 μήτρῳ
443 2506 670 2559 πειθομένη,
694 2507 739 2550 ὃς
758 2507 868 2559 ζεΰξέ
887 2525 956 2560 μιν
977 2507 1089 2561 ἀνέρι
1110 2509 1268 2564 κλεινῷ.

351 2578 434 2618 τοῖς
460 2576 524 2616 καὶ
545 2577 692 2628 κόσμος
712 2576 781 2627 ἔην
801 2579 887 2618 ταῖς
909 2567 1023 2619 ἰδίαις
1043 2577 1214 2629 ἀρεταῖς.

294 2640 493 2686 Ἑλλάδος
513 2642 604 2684 ἀλλ’
627 2643 726 2694 ὀλοὴ
747 2644 971 2696 Κατερίναν
990 2645 1229 2697 προῦφθασε
1248 2649 1379 2697 μοῖρα,

351 2710 450 2761 τῆλέ
468 2728 555 2764 περ,
578 2710 657 2752 οὐδ’
680 2709 828 2764 ὤκτειρ’
853 2711 996 2764 ἔγκυον
1018 2713 1108 2753 οὔτε
1128 2712 1236 2764 νέην.

179 2823 364 2869 Catena
397 2829 559 2870 autem
590 2825 707 2879 haec,
732 2840 875 2885 quam
903 2826 1127 2871 eximiam
1152 2841 1254 2872 esse
1287 2833 1336 2872 et
1360 2827 1526 2873 multis
1560 2828 1663 2873 aliis

178 2900 269 2946 hoc
293 2902 485 2946 nomine
508 2902 862 2962 praeferendam,
889 2904 1016 2962 quod
1040 2902 1377 2965 plerorumque
1398 2904 1662 2950 Doctorum

171 2978 452 3025 testimonia
476 2994 538 3024 ex
561 2980 746 3040 scriptis
765 2995 861 3025 non
886 2980 1025 3025 editis
1049 2981 1330 3041 deprompta
1353 2982 1462 3034 sint,
1478 2981 1663 3040 judica-
